% Encoding: UTF-8

@Article{hamari:2014,
  author   = {Juho Hamari and Jonna Koivisto and Harri Sarsa},
  title    = {Does Gamification Work? — A Literature Review of Empirical Studies on Gamification},
  year     = {2014},
  crossref = {hicss:2014},
}

@InProceedings{dixon:2011,
  author   = {Sebastian Deterding and Miguel Sicart and Lennart Nacke and Kenton O'Hara and Dan Dixon},
  title    = {Gamification. using game-design elements in non-gaming contexts},
  year     = {2011},
  month    = {Maio},
  crossref = {eaohfics:2011},
}

@Article{oliveira:2016,
  author   = {Felipe Soares de Oliveira and Simone Santos},
  title    = {A virtual learning environment for the implementation of problem-based learning approach in Computer education},
  year     = {2016},
  month    = {Dezembro},
  crossref = {fie:2016},
}

@Article{cardoso:2014,
  author  = {Cardoso, Ines and Carvalho, Ana},
  title   = {Gamificação: uma oportunidade para envolver alunos na aprendizagem},
  journal = {Atas do 2.º Encontro sobre Jogos e Mobile Learning},
  year    = {2014},
  month   = {Maio},
}

@Article{seaborn:2014,
  author  = {Katie Seaborn and Deborah Fels},
  title   = {Gamification in theory and action: A survey},
  journal = {International Journal of Human-Computer Studies},
  year    = {2014},
  month   = {Junho},
}

@Conference{hicss:2014,
  title     = {47th Hawaii International Conference on System Science},
  year      = {2014},
  month     = {Janeiro},
  publisher = {IEEE},
}

@Proceedings{eaohfics:2011,
  title = {11 Extended Abstracts on Human Factors in Computing Systems},
  year  = {2011},
}

@Article{huang:2013,
  author = {WHY Huang and Dilip Soman},
  title  = {A Practitioner’s Guide To Gamification Of Education},
  year   = {2013},
}

@InProceedings{isotani:2014,
  author = {Simone de Sousa Borges and Vinicius H. S. Durelli and Helena Macedo Reis and Seiji Isotani},
  title  = {A systematic mapping on gamification applied to education},
  year   = {2014},
}

@Proceedings{potaasoac:2014,
  title   = {Proceedings of the 29th Annual ACM Symposium on Applied Computing},
  year    = {2014},
  address = {Gyeongju, Republic of Korea},
  month   = {Março},
}

@Conference{fie:2016,
  title     = {Frontiers in Education Conference (FIE)},
  year      = {2016},
  address   = {Eire, PA, USA},
  month     = {Dezembro},
  publisher = {IEEE},
}

@Comment{jabref-meta: databaseType:bibtex;}
